<?xml version="1.0" encoding="UTF-8"?><collection xmlns="http://www.loc.gov/MARC21/slim"><record><leader>00342nam--2200121-i-4500</leader><controlfield tag="001">000036270</controlfield><controlfield tag="002">20161230</controlfield><controlfield tag="005">20161230201040</controlfield><controlfield tag="008">060222s1000------------r-----000-0-eng-d</controlfield><datafield ind1=" " ind2=" " tag="100"><subfield code="a">O`Brien R.D</subfield></datafield><datafield ind1=" " ind2=" " tag="245"><subfield code="a">Toxic phosphorus esters. chemistry, metabolism and biological effects</subfield></datafield><datafield ind1=" " ind2=" " tag="260"><subfield code="a">New York, Academic Press, 1960. Xii+434p</subfield></datafield><datafield ind1=" " ind2=" " tag="852"><subfield code="a">16358</subfield></datafield></record></collection>